@book{Strunk_1979,
  title={The elements of style},
  author={Strunk, William and White, Elwyn Brooks},
  publisher={Boston: Allyn \& Bacon},
  year={1979}
}

@book{Howard_1983,
  title={Weasel words},
  author={Howard, Philip},
  year={1983},
  publisher={Corgi Books}
}

